@techreport{gen_iv_2022_annual_report,
    Author = {{Generation IV International Forum}},
    Title = {{Gen IV Annual Report 2022}},
    Number = {{15}},
    Year = {2022}
}

@techreport{iaea_2022_lessons_learned,
    Author = {{International Atomic Energy Agency}},
    Title = {{Lessons Learned in Regulating Small Modular Reactors: Challenges, Resolutions and Insights}},
    Number = {{IAEA-TECDOC-2003}},
    Year = {2022},
    address = {Vienna, Austria}
}

@techreport{iaea_2020_considerations,
    Author = {{International Atomic Energy Agency}},
    Title = {{Considerations for Environmental Impact Assessment for Small Modular Reactors}},
    Number = {{IAEA-TECDOC-1915}},
    Institution = {IAEA},
    Year = {2020},
    address = {Vienna, Austria}
}

@techreport{nea_2021_smr_opportunities_challenges,
    Author = {{Organisation for Economic Cooperation and Development, Nuclear Energy Agency}},
    Title = {{Small Modular Reactors: Challenges and Opportunities}},
    Number = {{NEA No. 7560}},
    Year = {2021},
    address = {Paris, France}
}

@techreport{iaea_2021_fast_reactors,
    Author = {{International Atomic Energy Agency}},
    Title = {{Benefits and Challenges of Small Modular Fast Reactors: Proceedings of a Technical Meeting}},
    Number = {{IAEA-TECDOC-1972}},
    Year = {2021},
    address = {Vienna, Austria}
}

@techreport{regdoc_2_4_1,
    Author = {{Canadian Nuclear Safety Commission}},
    Title = {{Deterministic Safety Analysis}},
    Number = {{REGDOC-2.4.1, Version 1.0}},
    Year = {2014},
    address = {Ottawa, Canada}
}

@techreport{regdoc_2_5_2,
    Author = {{Canadian Nuclear Safety Commission}},
    Title = {{Design of Reactor Facilities}},
    Number = {{REGDOC-2.5.2, Version 2.1}},
    Year = {2023},
    address = {Ottawa, Canada}
}

@incollection{triso_ref_piro,
    author      =  {Nelson, A. T. and Demkowicz, P.},
    title       =  {{Other Power Reactor Fuels}},
    editor      =  {Piro, M. H. A},
    booktitle   =  {{Advances in Nuclear Fuel Chemistry}},
    publisher   =  {Elsevier},
    address     =  {Amsterdam},
    year        =  {2020},
    pages       =  {215-247},
    chapter     =  {5},
}

@techreport{n_288_2_19,
    Author = {{Canadian Standards Association}},
    Title = {{Guidelines for Calculating the Radiological Consequences to the Public of a Release of Airborne Radioactive Material for Nuclear Reactor Accidents}},
    Number = {{N288.2:19}},
    Year = {2019},
    address = {Toronto, Canada}
}

@techreport{n_288_1_20,
    Author = {{Canadian Standards Association}},
    Title = {{Guidelines for Modelling Radionuclide Environmental Transport, Fate, and Exposure Associated with the Normal Operation of Nuclear Facilities}},
    Number = {{N288.1:20}},
    Year = {2020},
    address = {Toronto, Canada}
}

@article{nf_rdd_trials_i,
    title = {{The Sensitivity of Atmospheric Dispersion Calculations in Near-field Applications: Modeling of the Full Scale RDD Experiments with Operational Models in Canada, Part I}},
    volume = {110},
    year = {2016},
    journal = {Health Physics},
    number = {5},
    pages = {499-517},
    publisher = {Health Physics Society},
    author = {Lebel, Luke and Bourgouin, Pierre and Chouhan, Sohan and Ek, Nils and Korolevych, Volodymyr and Malo, Alain and Bensimon, Dov and Erhardt, Lorne},
    address = {United States}
}

@article{nf_rdd_trials_ii,
    title = {{Radiation Modeling and Finite Cloud Effects for Atmospheric Dispersion Calculations in Near-field Applications: Modeling of the Full Scale RDD Experiments with Operational Models in Canada, Part II}},
    volume = {110},
    year = {2016},
    journal = {Health Physics},
    number = {5},
    pages = {518-525},
    publisher = {Health Physics Society},
    author = {Lebel, Luke and Bourgouin, Pierre and Chouhan, Sohan and Ek, Nils and Korolevych, Volodymyr and Malo, Alain and Bensimon, Dov and Erhardt, Lorne},
    address = {United States}
}

@article{ar41_triga_1,
    title = {{Calculation of Radioactive Species Transport in a TRIGA Reactor}},
    volume = {262},
    year = {2013},
    journal = {{Nuclear Engineering and Design}},
    pages = {29-38},
    publisher = {Elsevier B.V},
    author = {Mladin, Daniela and Mladin, Mirea and Toma, Alexandru and Dulama, Cristian and Prisecaru, Ilie and Covaci, Stefan}
}

@article{moose_0,
    title = {{MOOSE: A Parallel Computational Framework for Coupled Systems of Nonlinear Equations}},
    volume = {239},
    year = {2009},
    journal = {Nuclear Engineering and Design},
    number = {10},
    pages = {1768-1778},
    author = {Gaston, Derek and Newman, Chris and Hansen, Glen and Lebrun-Grandié, Damien},
    address = {Amsterdam}
}

@article{moose_1,
    title = {{MOOSE: Enabling Massively Parallel Multiphysics Simulation}},
    year = {2020},
    journal = {SoftwareX},
    author = {Permann, Cody J. and Gaston, Derek R. and Andrš, David and Carlsen, Robert W. and Kong, Fande and Lindsay, Alexander D. and Miller, Jason M. and Peterson, John W. and Slaughter, Andrew E. and Stogner, Roy H. and Martineau, Richard C.},
    address = {United States},
    volume = {11},
    pages = {100430-}
}

@article{moose_2,
    title = {{2.0 - MOOSE: Enabling Massively Parallel Multiphysics Simulation}},
    author = {Alexander D. {Lindsay, et al.}},
    year = {2022},
    journal = {{SoftwareX}},
    volume = {20},
    pages = {101202-}
}

@techreport{petsc_manual,
    Author = {{S. Balay et. al.}},
    Title = {{PETSc/TAO Users Manual}},
    Institution = {Argonne National Laboratory},
    Number = {ANL-21/39 Rev 3.20},
    Year = {2023}
}

@article{libmesh,
    author = {Benjamin S. Kirk and John W. Peterson and Roy H. Stogner and Graham F. Carey},
    title = {{\texttt{libMesh}: A C++ Library for Parallel Adaptive Mesh Refinement/Coarsening Simulations}},
    journal = {Engineering with Computers},
    volume = 22,
    number = {3-4},
    pages = {237-254},
    year = 2006
}

@article{moose_ad,
    title={{Automatic Differentiation in MetaPhysicL and Its Applications in MOOSE}},
    author={Lindsay, Alexander and Stogner, Roy and Gaston, Derek and Schwen, Daniel and Matthews, Christopher and Jiang, Wen and Aagesen, Larry K and Carlsen, Robert and Kong, Fande and Slaughter, Andrew},
    journal={{Nuclear Technology}},
    pages={1-18},
    year={2021}
}

@article{moose_civet,
    author    = {Andrew E. Slaughter and Cody J.Permann and Jason M. Miller and Brian K. Alger and Stephen R. Novascone},
    title     = {{Continuous Integration, In-Code Documentation, and Automation for Nuclear Quality Assurance Conformance}},
    journal   = {{Nuclear Technology}},
    volume    = {207},
    number    = {7},
    pages     = {923-930},
    year      = {2021}
}

@article{moose_coupling,
    title = {{Physics-Based Multiscale Coupling for Full Core Nuclear Reactor Simulation}},
   author = {Derek R. {Gaston et al,}},
     year = {2015},
  journal = {{Annals of Nuclear Energy}},
   volume = {84},
    pages = {45-54}
}

@article{moose_ns_summary,
    title={{MOOSE Navier--Stokes Module}},
    author={Lindsay, Alexander and Giudicelli, Guillaume and German, Peter and Peterson, John and Wang, Yaqi and Freile, Ramiro and Andrs, David and Balestra, Paolo and Tano, Mauricio and Hu, Rui},
    journal={{SoftwareX}},
    volume={23},
    year={2023},
    publisher={Elsevier},
    pages = {101503-}
}

@techreport{moose_ns_crab,
    title = {{NEAMS-TH-CRAB}},
    author = {Guillaume L. Giudicelli and Alexander D. Lindsay and Ramiro Freile, Jieun Lee},
    year = {2021},
    number = {INL/EXT-21-64625},
    institution = {Idaho National Laboratory},
    address = {Idaho Falls, USA}
}

@article{moose_th,
    author = {Joshua Hansel and David Andrs and Lise Charlot and Guillaume Giudicelli},
    title = {{The MOOSE Thermal Hydraulics Module}},
    journal = {{Journal of Open Source Software}},
    publisher = {{The Open Journal}},
    year = {2024},
    volume = {9},
    number = {94},
    pages = {1-6}
}

@article{moose_reactor,
    author = {Emily Shemon and Yinbin Miao and Shikhar Kumar and Kun Mo and Yeon Sang Jung and Aaron Oaks and Scott Richards and Guillaume Giudicelli and Logan Harbour and Roy Stogner},
    title = {{MOOSE Reactor Module: An Open-Source Capability for Meshing Nuclear Reactor Geometries}},
    journal = {{Nuclear Science and Engineering}},
    volume = {197},
    number = {8},
    pages = {1-25},
    year  = {2023},
    doi = {10.1080/00295639.2022.2149231},
    URL = {https://doi.org/10.1080/00295639.2022.2149231},
    eprint = {https://doi.org/10.1080/00295639.2022.2149231}
}

@techreport{griffin_sdp,
    title = {{Griffin Software Development Plan}},
    author = {Lee, Changho and Jung, Yeon Sang and Park, Hansol and Shemon, Emily R. and Ortensi, Javier and Wang, Yaqi and Laboure, Vincent M. and Prince, Zachary M.},
    doi = {10.2172/1845956},
    url = {https://www.osti.gov/biblio/1845956}, 
    year = {2021},
    number = {INL/EXT-21-63185},
    institution = {{Idaho National Laboratory}},
    address = {Idaho Falls, USA}
} 

@techreport{yellowjacket,
    title = {{Development of a Gibbs Energy Minimiser for the MOOSE-based Corrosion Modelling App Yellowjacket and Validation of MSTDB}},
    author = {Piro, Markus H. A. and Bajpai, Parikshit and Poschmann, Max}, 
    year = {2022},
    number = {INL/RPT-22-69782-Revision-0},
    institution = {{Idaho National Laboratory}},
    address = {Idaho Falls, USA}
} 

@article{moltres,
    title = {{Introduction to Moltres: An Application For Simulation of Molten Salt Reactors}},
    volume = {114},
    url = {https://linkinghub.elsevier.com/retrieve/pii/S0306454917304760},
    doi = {10.1016/j.anucene.2017.12.025},
    journal = {{Annals of Nuclear Energy}},
    author = {Lindsay, Alexander and Ridley, Gavin and Rykhlevskii, Andrei and Huff, Kathryn},
    year = {2018},
    pages = {530-540}
}

@Article{cardinal,
    author = {Novak, A.J. and Andrs, D. and Shriwise, P. and Fang, J. and Yuan, H. and Shaver, D. and Merzari, E. and Romano, P.K. and Martineau, R.C.},
    title = {{Coupled Monte Carlo and Thermal-Fluid Modeling of High Temperature Gas Reactors Using Cardinal}},
    journal = {{Annals of Nuclear Energy}},
    year = {2022},
    volume = {177},
    DOI = {10.1016/j.anucene.2022.109310},
    pages = {109310-}
}

@article{openmc,
    title = {{OpenMC: A State-of-the-Art Monte Carlo Code for Research and Development}},
    volume = {82},
    year = {2015},
    journal = {Annals of Nuclear Energy},
    number = {C},
    pages = {90-97},
    publisher = {Elsevier Ltd},
    author = {Romano, Paul K. and Horelik, Nicholas E. and Herman, Bryan R. and Nelson, Adam G. and Forget, Benoit and Smith, Kord},
    address = {United Kingdom}
}

@article{fw_cadis,
    title = {{FW-CADIS Method for Global and Regional Variance Reduction of Monte Carlo Radiation Transport Calculations}},
    volume = {176},
    year = {2014},
    journal = {{Nuclear Science and Engineering}},
    number = {1},
    pages = {37-57},
    publisher = {Taylor & Francis},
    author = {Wagner, John C. and Peplow, Douglas E. and Mosher, Scott W.}
}

@article{magic,
    title = {{Comparison of Global Variance Reduction Techniques for Monte Carlo Radiation Transport Simulations of ITER}},
    volume = {86},
    year = {2011},
    journal = {{Fusion Engineering and Design}},
    number = {9},
    pages = {2698-2700},
    author = {Davis, Andrew and Turner, Andrew},
    address = {Amsterdam}
}

@article{variance_reduction_review,
    title = {{Review of Hybrid Methods for Deep-Penetration Neutron Transport}},
    volume = {193},
    year = {2019},
    journal = {{Nuclear Science and Engineering}},
    number = {10},
    organization = {Univ. of California, Oakland, CA (United States)},
    pages = {1055-1089},
    author = {Munk, Madicken and Slaybaugh, Rachel N.},
    address = {United States}
}

@book{computational_methods,
    author = {Lewis, (Elmer Eugene) and W. F. Miller},
    address = {La Grange Park, USA},
    booktitle = {{Computational Methods of Neutron Transport}},
    publisher = {American Nuclear Society},
    title = {{Computational Methods of Neutron Transport}},
    year = {1984}
}

@book{transport_theory,
    title = {{Transport Theory}},
    booktitle = {{Transport Theory}},
    year = {1979},
    author = {Duderstadt, James J and Martin, William R},
    address = {New York, USA},
    publisher = {Wiley}
}

@book{applied_reactor_physics,
    author = {Hébert, Alain},
    address = {Montréal},
    booktitle = {{Applied Reactor Physics}},
    publisher = {{Presses Internationales Polytechnique}},
    title = {{Applied Reactor Physics}},
    year = {2009},
}

@article{transport_krylov,
    title = {{Krylov Iterative Methods and the Degraded Effectiveness of Diffusion Synthetic Acceleration for Multidimensional SN Calculations in Problems with Material Discontinuities}},
    volume = {147},
    year = {2004},
    journal = {{Nuclear Science and Engineering}},
    number = {3},
    pages = {218-248}
}

@article{denovo_fusion,
    title = {{Application of the Denovo Discrete Ordinates Radiation Transport Code to Large-Scale Fusion Neutronics}},
    volume = {74},
    year = {2018},
    journal = {Fusion Science and Technology},
    number = {4},
    pages = {303-314},
    author = {Royston, Katherine E. and Johnson, Seth R. and Evans, Thomas M. and Mosher, Scott W. and Naish, Jonathan and Kos, Bor},
    address = {United States}
}

@article{denovo_fusion_II,
    title = {{ITER Neutronics Modeling Using Hybrid Monte Carlo/Deterministic and CAD-Based Monte Carlo Methods}},
    volume = {175},
    year = {2011},
    journal = {{Nuclear Technology}},
    number = {1},
    pages = {251-258},
    author = {Ibrahim, Ahmad M. and Mosher, Scott W. and Evans, Thomas M. and Peplow, Douglas E. and Sawan, Mohamed E. and Wilson, Paul P. H. and Wagner, John C. and Heltemes, Thad},
    address = {La Grange Park, IL}
}

@article{denovo_concrete,
    title = {{A Structural Model of the Long-Term Degradation of the Concrete Biological Shield}},
    volume = {405},
    year = {2023},
    journal = {Nuclear Engineering and Design},
    number = {15},
    publisher = {Elsevier B.V},
    author = {Cheniour, Amani and Davidson, Eva and Le Pape, Yann and Pandya, Tara and Collins, Benjamin and Spencer, Benjamin W. and Godfrey, Andrew and Asgari, Mehdi},
    address = {United States},
    pages = {112217-}
}

@techreport{carlson_sn,
    title = {{Solution of the Transport Equation by S\textsubscript{N} Approximation}},
    author = {Carlson, Bengt G.},
    doi = {10.2172/4376236},
    url = {https://www.osti.gov/biblio/4376236}, 
    year = {1955},
    number = {LA-1891},
    institution = {{Los Alamos National Laboratory}},
    address = {Los Alamos, USA}
} 

@article{massively_parallel_sweeps,
    title = {{Massively Parallel Transport Sweeps on Meshes with Cyclic Dependencies}},
    volume = {425},
    year = {2021},
    journal = {{Journal of Computational Physics}},
    number = {15},
    author = {Vermaak, Jan I.C. and Ragusa, Jean C. and Adams, Marvin L. and Morel, Jim E.},
    address = {Cambridge},
    pages = {109892-}
}

@phdthesis{schunert_sn_discretization,
    author = {Schunert, Sebastian},
    title = {{Development of a Quantitative Decision Metric for Selecting the Most Suitable Discretization Method for S\textsubscript{n} Transport Problems}},
    school = {North Carolina State University},
    year = {2013},
    address = {Raleigh, USA}
}

@article{dgfem_1,
    title = {{A High-Order Discontinuous Galerkin Method for the SN Transport Equations on 2D Unstructured Triangular Meshes}},
    journal = {{Annals of Nuclear Energy}},
    volume = {36},
    number = {7},
    pages = {931-939},
    year = {2009},
    author = {Wang, Yaqi and Ragusa, Jean C.}
}

@article{cgfem_ls_sn_1,
    title = {{A Least-Squares Transport Equation Compatible with Voids}},
    volume = {43},
    year = {2014},
    journal = {{Journal of Computational and Theoretical Transport}},
    number = {1-7},
    pages = {374-401},
    author = {Hansen, Jon and Peterson, Jacob and Morel, Jim and Ragusa, Jean and Wang, Yaqi},
    address = {Philadelphia}
}

@article{cgfem_ls_sn_2,
    title = {{A Weighted Least-Squares Transport Equation Compatible with Source Iteration and Voids}},
    volume = {193},
    year = {2019},
    journal = {{Nuclear Science and Engineering}},
    number = {4},
    pages = {388-403},
    author = {Hammer, Hans R. and Morel, Jim E. and Wang, Yaqi}
}

@article{cgfem_saaf_1,
    title = {{A Self-Adjoint Angular Flux Equation}},
    volume = {132},
    year = {1999},
    journal = {{Nuclear Science and Engineering}},
    number = {3},
    pages = {312-325},
    author = {Morel, J. E. and McGhee, J. M.},
    address = {La Grange Park, IL}
}

@article{cgfem_saaf_sn_2,
    title = {{Diffusion Acceleration Schemes for Self-Adjoint Angular Flux Formulation with a Void Treatment}},
    volume = {176},
    year = {2014},
    journal = {{Nuclear Science and Engineering}},
    number = {2},
    pages = {201-225},
    author = {Wang, Yaqi and Zhang, Hongbin and Martineau, Richard C.},
    address = {United States}
}

@article{cgfem_saaf_sn_3,
    title = {{Spatial Discretizations for Self-Adjoint Forms of the Radiative Transfer Equations}},
    volume = {214},
    year = {2006},
    journal = {{Journal of Computational Physics}},
    number = {1},
    pages = {12-40},
    author = {Morel, Jim E. and Adams, B. Todd and Noh, Taewan and McGhee, John M. and Evans, Thomas M. and Urbatsch, Todd J.},
    address = {Amsterdam}
}

@article{anal_ray_effect_mitigation,
    author = {Morel, J. E. and Wareing, T. A. and Lowrie, R. B. and Parsons, D. K.},
    address = {PHILADELPHIA},
    journal = {{Nuclear Science and Engineering}},
    number = {1},
    pages = {1-22},
    publisher = {Taylor & Francis},
    title = {{Analysis of Ray-Effect Mitigation Techniques}},
    volume = {144},
    year = {2003}
}

@article{2D_ray_effect_mitigation,
    author = {Miller, W. F. and Reed, Wm. H.},
    journal = {{Nuclear Science and Engineering}},
    number = {3},
    pages = {391-411},
    title = {{Ray-Effect Mitigation Methods for Two-Dimensional Neutron Transport Theory}},
    volume = {62},
    year = {1977}
}

@article{denovo,
    title = {{Denovo: A New Three-Dimensional Parallel Discrete Ordinates Code in SCALE}},
    volume = {171},
    year = {2010},
    journal = {{Nuclear Technology}},
    number = {2},
    author = {Evans, Thomas M. and Stafford, Alissa S. and Slaybaugh, Rachel N. and Clarno, Kevin T.},
    pages = {171-200}
}

@mastersthesis{harbour_uncollided,
    author = {Harbour, Logan Hunter},
    title = {{First-Collided Source Treatment for Discrete-Ordinate Radiation Transport Solutions in Rattlesnake}},
    school = {{Texas A\&M University}},
    year = {2018},
    address = {College Station, USA}
}

@article{fem_arbitrary_uncollided,
    author = {Hanuš, Milan and Harbour, Logan H. and Ragusa, Jean C. and Adams, Michael P. and Adams, Marvin L.},
    journal = {{Journal of Computational Physics}},
    number = {1},
    title = {{Uncollided Flux Techniques for Arbitrary Finite Element Meshes}},
    volume = {398},
    year = {2019},
    pages = {108848-}
}

@inproceedings{attila_uncollided,
    author = {Wareing, T A and Morel, J E and Parsons, D K},
    title = {{A First Collision Source Method for ATTILA, an Unstructured Tetrahedral Mesh Discrete Ordinates Code}},
    booktitle = {{Proceedings of the 1998 ANS RP\&S Div. Topical Conf.: Technologies for the New Century}},
    year = {1998},
    Address = {{Nashville, TN, USA}},
    publisher = {American Nuclear Society}
}

@inproceedings{ardra_uncollided,
    author = {Christensen, A and Kunen, A and Loffeld, J and Brown, P and Vega, R and Fratoni, M and Ishii, M},
    title = {{First-Collision Source Treatment for Ray Effect Mitigation in Discrete-Ordinate Radiation Transport Solutions}},
    booktitle = {{Proceedings of the International Conference on Physics of Reactors (PHYSOR 2022)}},
    year = {2022},
    Address = {{Pittsburgh, PA, USA}},
    publisher = {American Nuclear Society}
}

@article{modified_sn,
    author = {Shands, Emerson and Hanopy, Joshua and Morel, Jim E.},
    journal = {{Journal of Computational Physics}},
    title = {{A Modified S$_{n}$ Method for Calculating the Uncollided Flux from a Point Source Without Ray Effects}},
    volume = {488},
    year = {2023},
    nnumber = {1},
    pages = {112217-}
}

@article{pn_1,
    title = {{A New Spherical Harmonics Scheme for Multi-Dimensional Radiation Transport I. Static Matter Configurations}},
    volume = {242},
    year = {2013},
    journal = {Journal of Computational Physics},
    pages = {648-669},
    author = {Radice, David and Abdikamalov, Ernazar and Rezzolla, Luciano and Ott, Christian D.},
    address = {United States}
}

@article{pn_2,
    title = {{Implicit Filtered P\textsubscript{n} for High-Energy Density Thermal Radiation Transport Using Discontinuous Galerkin Finite Elements}},
    volume = {321},
    year = {2016},
    journal = {Journal of Computational Physics},
    pages = {624-643},
    author = {Laboure, Vincent M. and McClarren, Ryan G. and Hauck, Cory D.}
}

@article{pn_3,
    title = {{Robust and Accurate Filtered Spherical Harmonics Expansions for Radiative Transfer}},
    volume = {229},
    year = {2010},
    journal = {{Journal of Computational Physics}},
    number = {16},
    pages = {5597-5614},
    author = {McClarren, Ryan G. and Hauck, Cory D.},
    address = {Kidlington}
}

@article{dgfem_pn_1,
    title = {{Semi-Implicit Time Integration for P\textsubscript{N} Thermal Radiative Transfer}},
    volume = {227},
    year = {2008},
    journal = {{Journal of Computational Physics}},
    number = {16},
    pages = {7561-7586},
    author = {McClarren, Ryan G. and Evans, Thomas M. and Lowrie, Robert B. and Densmore, Jeffery D.},
}

@phdthesis{laboure_pn_discretization,
    author = {Laboure, Vincent Matthieu},
    title = {{Improved Fully-Implicit Spherical Harmonics Methods for First and Second Order Forms of the Transport Equation using Galerkin Finite Element}},
    school = {Texas A\&M University},
    year = {2016},
    address = {College Station, USA}
}

@article{cgfem_ls_saaf_pn,
    title = {{Globally Conservative, Hybrid Self-Adjoint Angular Flux and Least-Squares Method Compatible with Voids}},
    volume = {185},
    year = {2017},
    journal = {{Nuclear Science and Engineering}},
    number = {2},
    pages = {294-306},
    publisher = {Taylor & Francis},
    author = {Laboure, Vincent M. and McClarren, Ryan G. and Wang, Yaqi}
}

@article{openmoc,
    title = {{The OpenMOC Method of Characteristics Neutral Particle Transport Code}},
    volume = {68},
    year = {2014},
    journal = {{Annals of Nuclear Energy}},
    pages = {43-52},
    author = {Boyd, William and Shaner, Samuel and Li, Lulu and Forget, Benoit and Smith, Kord}
}

@phdthesis{gunow_linear_moc,
    author = {Gunow, Geoffrey Alexander},
    title = {{Full Core 3D Neutron Transport Simulation Using the Method of Characteristics with Linear Sources}},
    school = {Massachusetts Institute of Technology},
    year = {2018},
    address = {Boston, USA}
}

@article{turbulent_species_transport,
    title = {{Transport and Deposition of Particles in Turbulent and Laminar Flow}},
    volume = {40},
    year = {2008},
    journal = {{Annual Review of Fluid Mechanics}},
    number = {1},
    pages = {311-341},
    publisher = {Annual Reviews},
    author = {Guha, Abhijit},
    address = {Palo Alto, CA}
}

@article{containment_foam,
    title = {{The Tailored CFD Package ‘containmentFOAM’ for Analysis of Containment Atmosphere Mixing, H$_2$/CO Mitigation and Aerosol Transport}},
    volume = {6},
    year = {2021},
    journal = {Fluids (Basel)},
    number = {3},
    publisher = {Multidisciplinary Digital Publishing Institute},
    author = {Kelm, Stephan and Kampili, Manohar and Liu, Xiongguo and George, Allen and Schumacher, Daniel and Druska, Claudia and Struth, Stephan and Kuhr, Astrid and Ramacher, Lucian and Allelein, Hans-Josef and Prakash, K. Arul and Kumar, G. Vijaya and Cammiade, Liam M. F. and Ji, Ruiyun}
}

@article{fusion_activation_wall,
    title = {{Computational Evaluation of N-16 Measurements for a 14 MeV Neutron Irradiation of an ITER First Wall Component with Water Circuit}},
    volume = {159},
    year = {2020},
    journal = {{Fusion Engineering and Design}},
    author = {Nobs, C.R. and Naish, J. and Packer, L.W. and Worrall, R. and Angelone, M. and Colangeli, A. and Loreti, S. and Pillon, M. and Villari, R.},
    address = {Amsterdam},
    pages = {111743-}
}

@article{fusion_activation_tool_fluned,
    title = {{Development and Validation in Water of FLUNED, an Open-Source Tool for Fluid Activation Calculations}},
    volume = {291},
    year = {2023},
    journal = {{Computer Physics Communications}},
    author = {De Pietri, Marco and Alguacil, Javier and Rodríguez, Eduardo and Juárez, Rafael},
    pages = {108807-}
}

@article{fusion_activation_demo_wcll,
    title = {{Investigation of the DEMO WCLL Breeding Blanket Cooling Water Activation}},
    volume = {157},
    year = {2020},
    journal = {{Fusion Engineering and Design}},
    author = {Chiovaro, P. and Ciattaglia, S. and Cismondi, F. and Del Nevo, A. and Di Maio, P.A. and Federici, G. and Frittitta, C. and Moscato, I. and Spagnuolo, G.A. and Vallone, E.},
    address = {Amsterdam},
    pages = {111697-}
}

@article{fusion_activation_modelling,
    title = {{Radio-Species Transport Model for Coupled Fluid Dynamics-Neutron Activation Calculations}},
    volume = {181},
    year = {2022},
    journal = {{Fusion Engineering and Design}},
    author = {Moreno Carrero, Carlos and Cau, Francesca and Pampin, Raúl},
    address = {Amsterdam},
    pages = {113171-}
}

@article{ns_supg,
    title = {{Streamline Upwind/Petrov-Galerkin Formulations for Convection Dominated Flows with Particular Emphasis on the Incompressible Navier-Stokes Equations}},
    volume = {32},
    year = {1982},
    journal = {{Computer Methods in Applied Mechanics and Engineering}},
    number = {1},
    pages = {199-259},
    author = {Brooks, Alexander N. and Hughes, Thomas J.R.}
}

@article{ad_diff_supg,
    title = {{Stabilized Finite Element Methods: I. Application to the Advective-Diffusive Model}},
    volume = {95},
    year = {1992},
    journal = {{Computer Methods in Applied Mechanics and Engineering}},
    number = {2},
    pages = {253-276},
    author = {Franca, Leopoldo P. and Frey, Sergio L. and Hughes, Thomas J.R.},
    address = {Amsterdam}
}

@article{moose_ns_cgfem,
    title = {{Overview of the Incompressible Navier--Stokes Simulation Capabilities in the MOOSE
             Framework}},
   author = {John W. Peterson and Alexander D. Lindsay and Fande Kong},
     year = {2018},
  journal = {{Advances in Engineering Software}},
   volume = {119},
    pages = {68--92}
}

@book{finite_volume_methods,
    series = {Fluid Mechanics and Its Applications, 113},
    title = {{The Finite Volume Method in Computational Fluid Dynamics An Advanced Introduction with OpenFOAM® and Matlab}},
    year = {2016},
    publisher = {Springer International Publishing},
    author = {Moukalled, F. and Mangani, L. and Darwish, M.},
    address = {Cham},
    booktitle = {{The Finite Volume Method in Computational Fluid Dynamics An Advanced Introduction with OpenFOAM® and Matlab}},
    edition = {1st},
    isbn = {3-319-16874-6}
}

@article{ar41_triga_2,
    title = {{Estimation of Ar-41 Activity Concentration and Release Rate from the TRIGA Mark-II Research Reactor}},
    volume = {153},
    year = {2016},
    journal = {{Journal of Environmental Radioactivity}},
    pages = {68-72},
    author = {Hoq, M. Ajijul and Soner, M.A. Malek and Rahman, A. and Salam, M.A. and Islam, S.M.A.}
}

@article{ar41_etc_hfrr,
    title = {{Modeling and Simulation for Coolant Activity and Dose Rate Estimation in a Pool-Type Nuclear Research Reactor}},
    volume = {204},
    year = {2018},
    journal = {{Nuclear Technology}},
    number = {2},
    pages = {227-237},
    author = {Veluri, Vijay K. and Sengupta, Samiran and Mammen, Shaji and Bhattacharya, Sujay},
    address = {La Grange Park}
}

@article{activation_coolant_ap1000,
    title = {{Calculation and Analysis of Water Activation Products Source Term in AP1000}},
    volume = {109},
    year = {2018},
    journal = {{Progress in Nuclear Energy}},
    pages = {66-73},
    author = {Guo, Qingyang and Zhang, Jingyu and Fang, Sheng and Chen, Yixue},
    address = {Oxford}
}

@article{activation_coolant_fission_fusion,
    title = {{On the Dose Fields Due to Activated Cooling Water in Nuclear Facilities}},
    volume = {117},
    year = {2019},
    journal = {{Progress in Nuclear Energy}},
    author = {Žohar, Andrej and Snoj, Luka},
    address = {Oxford}
}

@article{scale_msr,
    title = {{SCALE Depletion Capabilities for Molten Salt Reactors and Other Liquid-Fueled Systems}},
    volume = {196},
    year = {2024},
    author = {Hartanto, Donny and Bostelmann, Friederike and Betzler, Benjamin R. and Bekar, Kursat B. and Hart, Shane W. and Wieselquist, William A.},
    journal = {Annals of Nuclear Energy},
    pages = {110236-}
}

@article{griffin_pronghorn_msr_init,
    author = {Walker, Samuel A. and Tano, Mauricio E. and Abou-Jaoude, Abdalla and Calvin, Olin},
    issn = {2813-3412},
    journal = {{Frontiers in Nuclear Engineering}},
    title = {{Depletion-Driven Thermochemistry of Molten Salt Reactors: Review, Method, and Analysis}},
    volume = {2},
    year = {2023},
}

@inproceedings{griffin_pronghorn_msr,
    address = {Niagara Falls, Ontario, Canada},
    booktitle = {Proceedings of M\&C-2023},
    title={{A Coupled Griffin and Pronghorn Method for Spatially Resolved Depletion Analysis of Molten Salt Reactors}},
    author={Tano, M. and Walker, S. A. and Abou-Jaoude, A.},
    year={2023},
    publisher={Canadian Nuclear Society}
}

@book{radiation_shielding,
    author = {Shultis, J. K. and Faw, R. E},
    address = {La Grange Park, USA},
    booktitle = {{Radiation Shielding}},
    publisher = {{American Nuclear Society}},
    title = {{Radiation Shielding}},
    year = {2000}
}

@book{finite_element_method,
    publisher = {Society for Industrial and Applied Mathematics},
    title = {{Understanding and Implementing the Finite Element Method}},
    year = {2006},
    author = {Gockenbach, Mark S.},
    address = {Philadelphia, PA},
    booktitle = {{Understanding and Implementing the Finite Element Method}}
}

@article{endf_b_8,
    number = {C},
    organization = {Lawrence Livermore National Laboratory (LLNL), Livermore, CA (United States)},
    pages = {1-142},
    title = {{ENDF/B-VIII.0: The 8th Major Release of the Nuclear Reaction Data Library with CIELO-project Cross Sections, New Standards and Thermal Scattering Data}},
    volume = {148},
    year = {2018},
    author = {{Brown et al.}, D.A.},
    address = {United States},
    journal = {{Nuclear Data Sheets}}
}

@misc{njoy, 
    howpublished={\url{https://github.com/njoy/NJOY2016}}, 
    title={{NJOY 2016}}, 
    publisher={Los Alamos National Laboratory}, 
    author={Kahler, A and Collins, J L and McCartney, A P}
} 

@article{kobayashi_benchmarks,
    number = {2},
    pages = {119-144},
    title = {{3D Radiation Transport Benchmark Problems and Results for Simple Geometries with Void Region}},
    volume = {39},
    year = {2001},
    author = {Kobayashi, Keisuke and Sugimura, Naoki and Nagaya, Yasunobu},
    address = {Tarrytown, NY},
    journal = {{Progress in Nuclear Energy}}
}

@inproceedings{ks_2024_subcritical,
    address = {San Francisco, California, USA},
    booktitle = {Proceedings of PHYSOR-2024},
    title={{Verification of a CARIBOU-OpenMC Workflow for the Analysis of HTGR-Like Systems Using the Proposed Ontario Tech Subcritical Assembly}},
    author={Kevin Sawatzky and Kirk D. Atkinson},
    year={2024},
    publisher={American Nuclear Society}
}

@mastersthesis{agosta_htgr,
    author = {Roberto E. {Fairhurst Agosta}},
    title = {{Multi-Physics and Technical Aanalysis of High-Temperature Gas-Cooled Reactors for Hydrogen Production}},
    school = {{University of Illinois at Urbana-Champaign}},
    year = {2020},
    address = {Urbana-Champaign, USA}
}

@techreport{iso_neutron,
    title = {{Reference Neutron Radiations: Part 1: Characteristics and Methods of Production.}},
    author = {{International Standards Organization}},
    year = {2001},
    number = {International Standard; 8529-1:2021},
    address = {Geneva, Switzerland}
} 

@article{turbulent_schmidt_numbers,
    number = {37},
    pages = {8091-8099},
    title = {{Turbulent Schmidt Numbers for CFD Analysis with Various Types of Flowfield}},
    volume = {41},
    year = {2007},
    author = {Tominaga, Yoshihide and Stathopoulos, Ted},
    journal = {{Atmospheric Environment}}
}

@inproceedings{non_local_morel_larsen,
    address = {Jeju, Korea},
    booktitle = {Proceedings of M\&C-2017},
    title={{Nonlocal Diffusion Coefficients for Neutronic Systems Containing Voided Subregions}},
    author={Larsen, Edward W. and Morel, Jim E. and Lou, Jijie},
    year={2017},
    publisher={Korean Nuclear Society}
}

@article{sinbad,
    title = {{SINBAD – Radiation Shielding Benchmark Experiments}},
    volume = {159},
    year = {2021},
    author = {Kodeli, Ivan A. and Sartori, Enrico},
    journal = {{Annals of Nuclear Energy}},
    pages = {108254-}
}

@inproceedings{ks_2023_gnat,
    address = {Niagara Falls, Ontario, Canada},
    booktitle = {Proceedings of M\&C-2023},
    title={{Development of a Near-Field Neutron Activation and Dispersion Solver for the Environmental Impact Code CARIBOU}},
    author={Kevin Sawatzky and Kirk D. Atkinson},
    year={2023},
    publisher={Canadian Nuclear Society}
}